<?xml version="1.0" encoding="UTF-8"?><collection xmlns="http://www.loc.gov/MARC21/slim"><record><leader>00474nam--2200181-i-4500</leader><controlfield tag="001">000024468</controlfield><controlfield tag="002">20161230</controlfield><controlfield tag="005">20161230201035</controlfield><controlfield tag="008">060222s1000------------r-----000-0-ger-d</controlfield><datafield ind1=" " ind2=" " tag="040"><subfield code="a">IFIN-HH</subfield></datafield><datafield ind1=" " ind2=" " tag="041"><subfield code="a">ger</subfield></datafield><datafield ind1=" " ind2=" " tag="080"><subfield code="a">537.622</subfield></datafield><datafield ind1="1" ind2=" " tag="100"><subfield code="a">Heck, Carl</subfield></datafield><datafield ind1="1" ind2="0" tag="245"><subfield code="a">Magnetische werkstoffe und ihre technische anwendung</subfield><subfield code="c">Carl heck</subfield></datafield><datafield ind1=" " ind2=" " tag="260"><subfield code="a">Heidelberg</subfield><subfield code="b">Dr. Alfred Huthig Verlag</subfield><subfield code="c">1967</subfield></datafield><datafield ind1=" " ind2=" " tag="300"><subfield code="a">711 P</subfield></datafield><datafield ind1=" " ind2=" " tag="852"><subfield code="a">77476</subfield><subfield code="c">537:538</subfield></datafield><datafield ind1=" " ind2=" " tag="CAT"><subfield code="a">Sys</subfield><subfield code="c">20110629</subfield><subfield code="h">151457</subfield></datafield></record></collection>